@article{entry,
author = {John Doe},
journal = {TeX Monthly},
pages = {1----10},
title = {{How do I get this to work?}},
volume = {99},
year = {1234}
},
@misc{tcpDef,
author = {Postel, J},
publisher = {USC/Information Sciences Institute},
title = {RFC: 793, Internet Protocol - DARPA Internet Program Protocol Specification},
month = {September},
year = {1981},
url = {https://tools.ietf.org/html/rfc793},
}